4814 6308
1195 693 1244 766 ¹2

321 925 439 991 peoora
460 905 537 973 sual
555 910 591 971 et
613 905 702 971 duait
722 902 822 972 secum
842 901 982 987 pastores
997 905 1080 970 inter
1101 903 1224 970 montes
1239 905 1272 969 iu
1293 902 1505 985 longinquum.
1527 903 1573 968 ita
1594 907 1630 968 ut
1642 903 1683 981 ³²)
1706 919 1763 985 per
1777 902 1896 968 menses
1906 902 2051 986 quinque
2064 920 2119 968 neo

323 1029 468 1094 nuntium
483 1027 522 1110 ³³)
546 1025 585 1091 de
607 1044 644 1091 eo
666 1024 791 1090 audiret
811 1042 890 1089 uxor
911 1020 982 1090 eius.
1017 1017 1094 1104 ¹Que
1121 1025 1196 1090 dum
1223 1021 1314 1089 fleret
1342 1021 1374 1087 in
1396 1024 1536 1088 oratione
1564 1022 1616 1088 sua
1642 1028 1675 1088 et
1696 1023 1823 1090 diceret
1851 1024 1977 1089 domine
1991 1023 2037 1101 ⁸⁸)
2058 1023 2118 1088 mm

325 1149 400 1229 quia
423 1166 486 1212 nou
508 1145 617 1211 dedisti
638 1145 715 1210 mihi
736 1143 818 1209 filios
833 1144 935 1208 uirum
951 1161 1054 1209 meum
1070 1161 1167 1225 quare
1189 1142 1285 1208 tulisti
1308 1143 1412 1208 ame?
1438 1142 1518 1208 Ecce
1534 1145 1617 1208 enim
1632 1142 1752 1209 menses
1761 1144 1896 1225 quinque
1910 1143 2117 1221 fluxerunt⁸⁸l

326 1276 359 1334 et
381 1268 482 1333 uirum
504 1283 610 1331 meum
631 1283 693 1329 non
715 1264 806 1330 uideo
829 1270 861 1329 et
881 1262 979 1329 neseio
1002 1263 1055 1329 ubi
1077 1262 1127 1327 srt.
1151 1263 1203 1328 uel
1224 1263 1253 1328 si
1274 1262 1417 1328 mortuus
1432 1262 1533 1328 suisset
1552 1264 1582 1328 ei
1597 1262 1786 1344 sepulturam
1802 1262 1947 1330 facerem.
1984 1263 2031 1328 Et
2046 1262 2116 1327 dum

324 1388 422 1453 nimis
437 1385 527 1452 fleret
549 1387 580 1450 in
603 1384 763 1449 uiridiario
779 1383 818 1462 ³⁸)
842 1381 953 1449 domus
968 1382 1019 1463 sue
1041 1382 1073 1446 iu
1095 1382 1235 1448 oratione
1248 1383 1288 1459 ³²)
1311 1381 1439 1448 eleuaus
1454 1382 1561 1448 oeulos
1577 1382 1646 1449 suos
1662 1384 1702 1450 ad
1724 1385 1890 1449 domiuum.
1913 1384 1996 1449 uidit
2011 1382 2117 1448 nidum

269 1521 306 1572 ar.
325 1508 478 1591 passerum
496 1507 501 1589 Ι
520 1506 553 1570 in
575 1502 688 1599 arbore
717 1503 806 1569 lauri.
829 1509 862 1569 et
883 1502 970 1567 misit
991 1519 1099 1567 uocem
1121 1519 1192 1567 oum
1213 1503 1334 1584 gemitu
1355 1502 1395 1568 ad
1417 1503 1575 1568 domiuum
1603 1505 1718 1571 dicens.
1763 1503 1895 1569 Domine
1917 1504 1996 1569 deus
2020 1503 2116 1568 omui·

326 1633 438 1711 potens
460 1626 514 1708 qui
535 1624 620 1688 omni
642 1627 784 1704 creature
807 1621 925 1687 donasti
947 1620 1065 1687 liberos.
1089 1627 1121 1687 et
1135 1620 1241 1687 bestiis
1244 1627 1256 1673 l
1278 1627 1310 1688 et
1323 1621 1475 1688 iumentis.
1499 1624 1741 1713 obrepentibusl
1762 1631 1794 1689 et
1808 1623 1941 1706 piscibus
1948 1631 1957 1667 ²
1978 1635 2015 1690 et
2031 1623 2115 1688 uolu-

323 1746 430 1815 cribus
438 1758 446 1789 Ι
468 1749 500 1810 et
518 1760 626 1809 omnes
648 1743 738 1824 super
752 1741 834 1808 filios
850 1741 1008 1824 gaudent!
1028 1759 1079 1808 me
1101 1740 1195 1807 solam
1217 1741 1448 1824 abenignitatis
1464 1749 1518 1824 tue
1536 1744 1617 1810 dono
1640 1744 1799 1810 excludis?
1822 1745 1869 1809 Tu
1891 1743 1968 1808 nolti
1991 1743 2116 1808 domine

325 1867 364 1933 ab
387 1865 475 1932 initio
497 1863 632 1945 coniugii
652 1881 702 1927 me
724 1861 782 1927 hoo
796 1861 910 1929 uouisse
918 1862 977 1946 ⁸⁸)!
998 1866 1034 1927 ut
1055 1861 1083 1927 si
1104 1860 1236 1928 dedisses
1250 1861 1327 1927 mihi
1348 1861 1445 1933 filium
1465 1865 1569 1944 aut³⁹)
1591 1862 1687 1930 filiam
1703 1863 1876 1930 obtulissem
1898 1865 1987 1929 illum
1995 1864 2041 1944 ⁴⁰)
2062 1865 2115 1930 tibi

324 1990 358 2052 in
387 1984 538 2068 templum
568 1983 704 2048 sanetum
732 1986 830 2046 tuum.
874 1982 918 2047 Et
946 1982 1020 2047 dum
1047 1981 1104 2046 ista
1132 1981 1324 2059 dioeret⁴¹)!
1355 1988 1429 2049 aute
1455 1982 1567 2050 saoiem
1594 1984 1663 2049 eius
1689 1985 1813 2065 aparuit
1837 1982 1968 2066 angelus
1999 1983 2117 2048 domini

326 2104 436 2172 dicens.
480 2103 552 2170 Noli
573 2103 684 2167 timere
706 2119 797 2166 anua.
821 2101 968 2182 quoniam
989 2102 1022 2166 in
1044 2101 1168 2167 oonsilio
1191 2101 1242 2169 dei
1263 2101 1307 2169 est
1328 2121 1456 2185 germen
1477 2103 1588 2169 tuum!
1614 2109 1646 2168 et
1667 2104 1750 2186 quod
1778 2123 1816 2169 ex
1837 2109 1870 2169 te
1891 2109 2001 2168 natum
2025 2102 2118 2169 suerit

263 2238 306 2289 ev.
328 2226 455 2293 dabitur
476 2226 509 2289 iu
533 2222 771 2289 admirationem
783 2223 823 2301 ⁴²)
845 2220 990 2287 omnibus
1013 2219 1121 2287 seculis
1149 2220 1244 2304 usque
1271 2223 1304 2288 in
1325 2221 1427 2288 finem.
1471 2224 1607 2290 Etcum
1635 2224 1693 2304 heo
1719 2225 1840 2290 dixisset
1866 2224 1906 2290 ab
1933 2224 2036 2289 oeulis
2057 2224 2121 2289 eius

327 2346 445 2429 elapsos
468 2344 521 2411 est.
564 2343 625 2410 ille
646 2349 751 2408 autem
772 2339 913 2406 tremens
936 2341 1019 2422 quod
1041 2340 1164 2406 uidisset
1185 2341 1281 2407 talem
1302 2343 1453 2409 uirtutem
1464 2343 1507 2421 ⁴³)
1535 2351 1568 2409 et
1589 2345 1684 2410 talem
1710 2344 1880 2410 sermonem
1902 2344 2045 2410 audisset.
2072 2346 2116 2410 in·

325 2466 425 2551 gressa
447 2463 623 2531 cubiculum
644 2460 775 2527 iactauit
797 2460 826 2525 se
848 2460 880 2525 iu
901 2460 1018 2526 lectum
1039 2459 1134 2526 suum.
1157 2466 1191 2526 et
1212 2462 1302 2544 quasi
1323 2463 1501 2543 mortua⁴⁴)
1523 2468 1590 2529 tota
1612 2465 1662 2531 die
1684 2470 1717 2530 et
1737 2469 1805 2529 tota
1820 2470 1909 2530 noete
1930 2465 1964 2529 iu
1979 2465 2118 2530 oratione

325 2569 507 2671 permansit.
550 2582 623 2648 Post
643 2581 701 2646 bec
723 2585 829 2646 autem
850 2580 975 2645 uooauit
1001 2579 1094 2645 adse
1120 2582 1265 2649 ancillam
1287 2582 1391 2648 suam!
1417 2590 1450 2648 et
1475 2583 1554 2648 dixit
1580 2583 1619 2649 ei.
1664 2582 1762 2648 Uides
1777 2603 1828 2649 me
1851 2584 2040 2650 uiduitatem
2063 2584 2115 2648 ba-

325 2707 452 2774 bentem
480 2705 512 2770 in
535 2701 685 2785 angustia.
714 2705 746 2766 et
771 2705 886 2764 tuneo
912 2698 1033 2782 ingredi
1063 2698 1103 2764 ad
1132 2719 1183 2766 me
1204 2702 1403 2782 uoluisti⁴⁸)?
1433 2702 1520 2769 Tune
1540 2703 1595 2768 illa
1621 2704 1653 2768 in
1675 2721 1834 2768 murmure
1855 2703 2048 2787 respondens
2064 2704 2114 2768 ait

325 2826 360 2892 Si
382 2825 459 2891 deus
475 2820 624 2890 oonclusrt
644 2826 768 2887 uterum
789 2824 878 2884 tuum
900 2824 933 2884 et
954 2819 1057 2884 uirum
1079 2825 1168 2884 tuum
1189 2838 1209 2885 a
1231 2827 1262 2886 te
1284 2820 1430 2887 abstulit!
1456 2841 1513 2904 ego
1541 2824 1617 2906 quid
1645 2823 1702 2889 tibi
1724 2822 1845 2890 iactura
1871 2824 1961 2889 sumi
1993 2823 2039 2888 Et
2060 2823 2115 2888 bec

271 2953 309 3011 dr.
327 2943 460 3013 audiens
476 2960 559 3010 anna
580 2938 716 3020 amplius
728 2938 735 3022 Ι
752 2936 857 3003 flebat

182 3094 256 3162 [Cap.
274 3093 308 3160 3.)
440 3067 477 3146 ln
500 3078 563 3162 ipso
585 3082 690 3142 autem
719 3083 858 3158 tempore
885 3075 1009 3158 aparuit
1036 3075 1164 3158 quidam
1192 3076 1315 3142 iuuenis
1335 3076 1417 3144 inter
1443 3085 1566 3145 montes
1593 3079 1647 3147 ubi
1674 3079 1807 3147 inachim
1834 3079 1979 3161 pascebat
2001 3077 2116 3162 greges.

329 3212 362 3273 et
383 3204 462 3271 dixit
483 3204 520 3269 ei
564 3201 667 3280 Quare
693 3220 754 3266 non
777 3202 948 3267 reuerteris
969 3203 1010 3267 ad
1038 3220 1165 3267 uxorem
1194 3203 1301 3269 tuam?
1343 3203 1386 3269 Ei
1411 3206 1457 3270 ait
1484 3206 1627 3272 ioaobim.
1671 3207 1732 3272 Per
1758 3207 1872 3289 uiginti
1900 3204 2000 3272 anuos
2022 3208 2116 3290 habui

327 3345 410 3393 eam.
433 3340 515 3390 nunc
536 3341 611 3388 uero
634 3324 709 3405 quia
731 3321 809 3388 deus
831 3320 908 3386 mihi
929 3322 1030 3388 noluit
1051 3323 1127 3388 dare
1148 3340 1187 3388 ex
1208 3341 1246 3388 ea
1266 3322 1352 3390 filios
1375 3341 1445 3390 oum
1466 3326 1654 3391 uerecundia
1666 3327 1708 3396 ⁴⁶)
1731 3327 1770 3391 de
1792 3328 1909 3409 templo
1931 3328 1984 3393 dei
2007 3346 2116 3410 expro

326 3445 437 3511 bratus
454 3442 556 3509 exiuil
577 3448 613 3507 ui
634 3442 709 3524 quid
730 3446 873 3507 reuertar
894 3440 935 3506 ad
957 3459 1025 3506 eam
1048 3440 1140 3508 semel
1162 3442 1298 3508 eiectus?
1325 3442 1392 3509 lam
1415 3446 1497 3510 enim
1518 3445 1569 3510 hic
1589 3447 1778 3527 permanebo
1801 3465 1871 3512 oum
1893 3446 2008 3513 ouibus
2025 3448 2117 3513 meis!

326 3565 477 3647 quamdiu
497 3562 670 3646 permiserit
697 3580 747 3626 me
769 3561 876 3627 uiuere
898 3562 987 3628 deus.
1030 3562 1091 3627 Per
1118 3561 1230 3626 manus
1251 3568 1355 3628 autem
1381 3582 1548 3646 puerorum
1577 3583 1717 3630 meorum
1743 3565 1935 3649 pauperibus
1958 3574 1990 3632 et
2018 3568 2121 3634 uiduis

331 3692 364 3752 et
385 3682 533 3766 orphanis
556 3686 589 3747 et
615 3679 789 3748 colentibus
811 3680 904 3745 deum
933 3680 1040 3763 partes
1062 3678 1131 3746 suas
1146 3681 1314 3747 restituam.
1358 3682 1401 3748 Et
1430 3701 1499 3749 eum
1522 3683 1579 3750 hee
1606 3686 1730 3752 diceret
1759 3686 1917 3767 respondit
1943 3688 1974 3752 ei
1999 3687 2122 3753 iuuenis

270 3806 312 3863 tv.
331 3804 439 3871 dicens
472 3801 612 3885 Angelus
633 3801 684 3868 dei
707 3818 764 3883 ego
786 3800 861 3866 sum.
882 3800 935 3881 qui
958 3801 1067 3883 aparui
1089 3800 1182 3868 hodie
1200 3800 1205 3886 Ι
1223 3800 1310 3867 flenti
1332 3808 1365 3869 et
1386 3804 1488 3868 oranti
1510 3804 1598 3870 uxori
1620 3811 1683 3886 tue.
1708 3813 1740 3871 et
1756 3806 1930 3871 oonsolatus
1945 3807 2011 3872 sum
2029 3808 2118 3873 eam!

430 4092 476 4154 33)
493 4101 521 4146 ut
537 4102 611 4146 extra
627 4110 727 4145 veroum
743 4094 770 4143 in
788 4092 902 4158 margine
919 4109 936 4142 α
953 4093 1057 4144 librario
1074 4094 1195 4144 additam
1280 4092 1327 4153 33)
1343 4095 1397 4146 Nec
1416 4098 1533 4147 nuntium
1551 4098 1568 4147 i.
1585 4114 1606 4148 e.
1624 4115 1656 4148 ne
1673 4100 1790 4149 numium
1807 4100 1915 4166 quidem.
1991 4099 2040 4168 34)
2066 4102 2117 4154 Vox

328 4183 432 4233 domiue
448 4181 476 4230 in
492 4182 606 4246 naarpa'ne
624 4198 641 4231 a
658 4179 764 4230 librario
781 4179 904 4244 ddjedum
921 4187 963 4228 eat.
1099 4177 1146 4244 33)
1173 4181 1207 4232 In
1224 4181 1297 4232 verbo
1314 4182 1443 4233 fluxerunt
1460 4182 1534 4234 lbera
1551 4201 1567 4233 x
1584 4184 1685 4234 librarii
1700 4203 1779 4235 nauare
1796 4189 1974 4254 naperooripta.

328 4268 373 4331 33)
391 4269 418 4318 in
436 4265 570 4318 viridiario
589 4268 680 4318 domno
699 4263 752 4317 sum
770 4265 798 4314 aba
815 4264 894 4314 obrem
908 4264 1079 4331 [lampunen.
1097 4266 1259 4318 viridiarium
1276 4268 1315 4318 ael
1332 4268 1484 4320 viridarium
1501 4277 1536 4319 eoi
1553 4269 1638 4320 bertus
1655 4271 1776 4321 aridem
1792 4273 1926 4324 arboribus
1942 4285 1965 4325 et
1976 4278 2118 4343 jndicibus

229 4347 233 4362 ⁴
328 4369 447 4404 amoenus
569 4350 615 4404 37)
634 4350 770 4416 inoratllno
787 4349 871 4400 codex.
890 4350 963 4400 litera
980 4367 996 4400 o
1013 4351 1163 4417 negligentia
1180 4352 1281 4402 libraris
1297 4354 1394 4404 orniaao.
1504 4352 1549 4412 33)
1574 4357 1646 4408 Iader
1663 4374 1678 4408 o
1696 4367 1719 4408 et
1736 4375 1752 4409 u
1770 4361 1840 4409 uerbi
1854 4357 1953 4411 uouisse
1970 4363 2047 4413 litero
2065 4382 2118 4415 aaa

328 4455 409 4486 draeo.
429 4437 563 4502 aeripeerot
581 4437 634 4488 aiae
652 4437 727 4487 dubio
744 4435 866 4486 librariae
883 4431 999 4488 uoluisse.
1118 4435 1164 4494 39)
1183 4437 1272 4488 Litora
1288 4445 1299 4490 t
1316 4440 1379 4490 voeia
1395 4447 1442 4493 aut
1458 4444 1636 4508 mperaen'pso.
1755 4444 1800 4509 40)
1825 4447 1898 4497 illum
1917 4447 2036 4498 obderem
2054 4459 2118 4511 erat,

329 4524 354 4571 iu
372 4522 486 4588 energiae
503 4541 521 4573 a
538 4523 644 4573 librario
661 4522 783 4587 ardicam
800 4530 844 4571 eet.
913 4518 958 4578 41)
978 4520 1062 4586 saper
1076 4523 1177 4574 verbum
1195 4525 1291 4576 diceret
1308 4525 1361 4576 alia
1378 4544 1456 4577 manu
1473 4528 1592 4593 seriptum
1609 4536 1643 4579 eat
1661 4535 1671 4582 l
1689 4528 1797 4582 dixisset.
1876 4529 1921 4598 43)
1947 4533 2017 4584 Vocis
2036 4537 2119 4587 admi·

328 4611 456 4659 rationem
473 4609 585 4659 maxima
600 4626 665 4674 para
682 4625 760 4659 manu
777 4607 854 4659 nemsi
869 4605 957 4658 decimi
972 4607 1054 4673 prinei
1069 4625 1132 4660 novo
1149 4617 1286 4662 atramento
1303 4612 1408 4663 obdueta
1425 4620 1460 4663 eat
1476 4622 1499 4663 et
1516 4629 1592 4679 reaper
1609 4616 1696 4667 literae
1711 4620 1720 4668 i
1734 4627 1831 4684 macta
1844 4619 1928 4684 posita
1945 4629 2012 4670 nant.

327 4694 372 4756 43)
391 4695 470 4746 talem
488 4697 611 4746 virtutem
630 4697 647 4745 i.
666 4712 686 4744 e.
704 4696 755 4744 ease
771 4693 928 4744 miraculum.
945 4693 1038 4759 resipui
1053 4695 1146 4746 codices
1165 4697 1244 4748 talem
1261 4700 1396 4750 visionem.
1434 4699 1546 4750 Ceteram
1563 4701 1708 4767 eipm'ficetio
1725 4705 1855 4764 orbandi,
1883 4723 1960 4771 qaam
1982 4706 2057 4757 dobes
2075 4709 2118 4759 boc

328 4780 427 4847 quidem
444 4782 496 4831 loco
511 4798 560 4832 oon
577 4783 674 4842 virtue,
688 4780 787 4846 pereira
804 4781 831 4830 in
848 4779 950 4846 vulgale
968 4779 1098 4831 bibliomm
1115 4783 1226 4834 versione
1243 4791 1265 4834 et
1282 4784 1353 4850 apud
1369 4784 1550 4850 fferonyoram
1569 4788 1688 4847 aecumst,
1714 4790 1781 4839 unde
1797 4791 1857 4840 tr-ita
1868 4797 1944 4858 saeta
1961 4804 1997 4842 eae
2015 4795 2119 4860 wripdo·

328 4867 397 4917 ritae
411 4867 579 4932 posteriorum
595 4874 741 4933 temporum.
768 4874 823 4916 orta
839 4864 939 4916 videtur
960 4883 977 4917 a
993 4867 1111 4917 venado
1125 4885 1215 4934 praeeo
1231 4870 1304 4920 verbo
1321 4865 1447 4938 δύναμις,
1473 4871 1514 4920 oui
1533 4872 1580 4922 illa
1601 4874 1638 4923 eis
1654 4875 1717 4924 ineat
1735 4877 1761 4926 in
1781 4878 1879 4943 scriptio
1896 4880 2117 4936 mediterraneam,

328 4962 355 5001 ut
372 4953 444 5018 apud
461 4953 579 5004 Marcum
595 4948 621 5014 θ,
640 4954 657 5002 3
674 4950 723 5005 οὐκ
742 4947 854 5014 ἠδύνατο
872 4952 926 5002 laos
944 4948 1073 5021 oddepaiar
1091 4949 1209 5024 δύναμιν
1228 4954 1348 5022 ποιῆσαι,
1375 4956 1441 5022 qood
1462 4965 1497 5007 eos
1515 4958 1544 5008 in
1560 4959 1626 5025 vulp.
1644 4977 1708 5011 vera.
1729 4979 1783 5015 non
1805 4971 1905 5031 poteret
1929 4966 1967 5015 ibi
1991 4969 2116 5018 virtutem

328 5039 407 5089 ullam
426 5039 522 5090 secere.
626 5040 670 5102 44)
688 5041 763 5107 quui
781 5045 881 5090 mortua
899 5037 1054 5103 hyperboliee
1075 5039 1166 5091 dictam
1185 5058 1235 5106 pro
1246 5042 1311 5108 fito,
1329 5041 1465 5093 immobilia
1508 5044 1658 5097 semema
1677 5056 1750 5113 poeto
1767 5050 1896 5101 durimem
1912 5051 1979 5102 barac
1996 5053 2118 5119 loquundi

328 5124 427 5176 modum
444 5124 558 5175 medana
574 5124 656 5175 reddit
674 5126 754 5176 locum
774 5125 831 5188 133,
848 5124 880 5178 31
899 5141 936 5192 aq.
962 5126 993 5190 je
1015 5142 1068 5177 wan
1090 5130 1112 5178 ir
1135 5143 1170 5178 an
1192 5128 1238 5179 der
1255 5125 1343 5180 selben
1366 5127 1401 5179 nit
1422 5128 1462 5180 alo
1480 5131 1563 5182 einem
1581 5146 1641 5183 man
1659 5133 1706 5184 dar
1723 5136 1787 5201 geist
1804 5138 1923 5203 begrisen
1941 5140 1988 5191 mit
2006 5136 2115 5191 suarem

328 5218 429 5262 nonme
447 5206 552 5262 sltsand
569 5209 651 5261 under
669 5212 752 5263 eidem
772 5210 873 5262 murno.
951 5209 998 5278 43)
1017 5210 1093 5263 fflor
1110 5214 1118 5263 s
1137 5213 1213 5277 bloba
1229 5213 1292 5264 eoois
1308 5217 1392 5279 forma
1409 5215 1506 5266 noiomo
1523 5218 1693 5284 superscripto
1710 5229 1752 5271 eas.
1835 5225 1879 5282 sep
1906 5224 1967 5276 side
1985 5225 2114 5279 aalma
