4814 6308
1206 700 1257 768 10

336 902 450 968 matris
474 907 507 969 et
527 902 691 969 saluatoris
705 902 798 970 nostri
820 901 955 970 insaucia
976 901 1051 968 esset
1072 903 1248 986 conscripta
1293 905 1335 971 Et
1356 906 1470 973 idcirco
1492 924 1549 986 per
1571 904 1668 986 ipsum
1691 904 1849 970 dominum
1871 903 2013 970 nostrum
2037 903 2128 969 iesum

256 1052 258 1059 ·
335 1021 479 1087 christum
501 1029 588 1088 tuam
609 1024 771 1090 caritatem
792 1023 979 1106 expetentes.
1002 1041 1170 1106 quesumus
1184 1027 1210 1104 ⁰)
1231 1031 1268 1090 ut
1282 1043 1355 1092 eum
1375 1044 1412 1092 ex
1431 1025 1548 1092 hebreo
1568 1023 1675 1090 latinis
1691 1023 1819 1090 auribus
1834 1024 1949 1090 tradas.
1971 1041 2040 1088 non
2061 1028 2126 1088 tam

332 1142 373 1206 ad
399 1143 597 1223 percipienda
631 1161 765 1225 eaque
795 1149 869 1209 sunt
895 1143 999 1210 christi
1025 1144 1167 1227 insignia.
1197 1163 1291 1227 quam
1318 1145 1527 1212 hereticorum
1553 1144 1699 1210 astutiam
1727 1143 1971 1211 excludendam!
2006 1143 2125 1225 quint

332 1259 503 1327 doctrinam
529 1263 643 1327 malam
670 1262 866 1328 instruerent.
893 1264 974 1344 bone
1000 1263 1103 1330 christi
1130 1264 1288 1330 natiuitati
1316 1282 1374 1330 sua
1388 1266 1428 1347 ¹⁰)
1457 1265 1619 1331 mendacia
1639 1263 1843 1330 miscuerunt!
1876 1268 1912 1329 ut·
1939 1281 2000 1346 per
2022 1263 2126 1328 dulce·

333 1380 437 1445 dinem
459 1381 533 1462 uite.
556 1381 669 1447 mortis
682 1382 922 1449 amaritudinem
944 1383 1145 1450 occultarent.
1187 1385 1257 1450 Erit
1279 1403 1353 1467 ergo
1375 1384 1541 1468 purissime
1568 1384 1713 1450 caritatis.
1742 1390 1777 1450 ut
1807 1384 1857 1452 uel
1884 1389 1954 1448 tuos
1978 1381 2129 1466 rogantes

279 1501 317 1558 ur.
332 1498 446 1566 hanes
463 1501 625 1567 exaudias!
647 1501 699 1567 uel
721 1502 877 1585 episcopos
894 1503 1053 1586 exigentes
1068 1503 1209 1571 caritatis
1219 1503 1368 1571 debitum.
1391 1504 1474 1586 quod
1493 1503 1639 1570 idoneum
1654 1503 1824 1571 credideris
1837 1512 1843 1582 Ι
1861 1503 2004 1584 recipere
2020 1501 2123 1568 iacias.

332 1619 419 1686 Bene
441 1620 512 1686 uale
533 1621 566 1685 in
589 1621 733 1688 dominos
754 1629 787 1690 et
808 1642 864 1690 ora
884 1642 941 1707 pro
963 1623 1057 1690 nobis.
1165 1638 1168 1643 “

879 1847 1035 1950 llpistelr
1059 1845 1251 1926 llieronimi
1277 1844 1322 1925 ad
1347 1870 1435 1948 qnos
1460 1870 1578 1949 snpra.

329 2012 526 2156 DOMINIS
548 2014 660 2082 sanetis
676 2035 713 2083 ac
733 2016 917 2085 beatissimis
933 2018 1085 2084 comaclo
1108 2023 1140 2083 et
1160 2017 1320 2083 heliodoro
1342 2017 1493 2100 episcopis
1515 2016 1716 2085 Hieronimus
1732 2016 1862 2100 exignus
1880 2015 1983 2083 christi
2009 2014 2121 2080 seruus.

401 2133 529 2199 salntem
550 2136 582 2200 in
605 2136 738 2202 domino.
782 2136 841 2215 Qui
864 2142 981 2204 terram
1003 2137 1072 2203 auri
1095 2137 1244 2204 consciam
1258 2139 1297 2215 ιι)
1324 2136 1411 2204 fodit.
1439 2155 1501 2203 non
1528 2137 1600 2202 ilico
1628 2138 1741 2218 arripit
1767 2135 1915 2219 quicquid
1942 2133 2022 2213 solia
2049 2152 2121 2216 pro·

328 2252 445 2320 suderit
459 2255 603 2321 lacerata.
626 2254 676 2322 sed
692 2258 729 2338 ¹²)
751 2258 928 2342 priusquam
942 2256 1124 2340 fulgendum
1138 2256 1259 2340 pondus
1274 2256 1429 2322 uibrantis
1444 2257 1544 2323 iactus
1560 2255 1634 2322 ierri
1655 2256 1816 2338 suspendat
1829 2255 1887 2334 ¹³)l
1906 2254 2037 2320 interim
2052 2271 2121 2319 uer·

328 2374 431 2439 tendis
446 2374 680 2458 supiuaudisque
694 2379 733 2450 ¹⁴)
756 2378 919 2461 cespitibus
935 2379 1128 2443 immoratur.
1150 2395 1187 2443 ac
1208 2376 1259 2459 spe
1281 2377 1427 2457 alitur¹³)
1449 2378 1502 2460 qui
1525 2376 1662 2442 nondum
1684 2375 1779 2442 lucris
1795 2381 1935 2458 augetur.
1977 2374 2120 2440 Arduum

327 2493 406 2576 opus
421 2494 593 2578 iniungitur
614 2514 683 2562 cum
706 2497 765 2564 boc
785 2497 881 2565 suerit
902 2517 922 2565 a
942 2499 1044 2565 uestra
1065 2498 1141 2563 mihi
1156 2497 1349 2564 beatitudine
1363 2495 1570 2580 imperatum!
1592 2496 1675 2578 quod
1692 2514 1749 2562 nec
1764 2496 1826 2577 ipse
1841 2495 1962 2562 sanctus
1978 2492 2123 2560 matheus

266 2621 309 2680 av.
327 2614 481 2696 aposlolus
503 2621 535 2681 et
557 2617 744 2699 euengehlla
765 2619 866 2685 uoluit
886 2620 919 2684 in
941 2624 1050 2702 aperto
1072 2617 1227 2684 conscribi.
1241 2617 1246 2702 l
1262 2617 1296 2683 Si
1318 2619 1401 2685 enim
1423 2636 1484 2684 non
1499 2616 1626 2693 esset¹⁸)
1649 2615 1812 2682 secrecius!
1834 2614 1997 2698 euangelio
2011 2615 2119 2696 utiquc

326 2731 383 2814 ipsi
397 2734 481 2816 quod
496 2734 594 2802 edidit
608 2737 779 2804 addidisset.
812 2738 875 2805 Sed
896 2738 970 2805 iecit
991 2738 1074 2806 hunc
1094 2737 1235 2803 libellum
1256 2737 1410 2804 hebraicis
1425 2737 1524 2803 literis
1541 2735 1753 2819 obfignatum!
1775 2754 1867 2819 quem
1884 2735 1977 2818 usque
1992 2733 2118 2808 adeo¹²l

325 2853 433 2919 edidit
455 2860 491 2919 nt
511 2855 603 2923 hodie
625 2877 718 2923 manu
740 2857 835 2940 ipsius
850 2858 929 2924 liber
949 2857 1084 2941 scriptus.
1107 2857 1261 2925 hebraicis
1277 2857 1378 2923 literis
1395 2875 1415 2923 a
1435 2857 1514 2922 uiris
1529 2855 1761 2938 religiosrssimis
1776 2856 1943 2922 habeatur.
1969 2854 2026 2937 qui
2047 2870 2117 2919 eum

326 2991 345 3038 a
367 2971 428 3038 suis
443 2974 599 3054 prioribus
615 2997 670 3059 per
691 2977 835 3044 successus
858 2985 1033 3060 temporum
1054 2977 1256 3060 susceperunt.
1306 2977 1398 3045 Hunc
1420 2983 1524 3043 autem
1547 2976 1645 3061 ipsum
1666 2976 1779 3042 librum
1807 2994 1877 3042 cum
1897 2991 2070 3056 numquam
2081 2974 2119 3045 ¹⁸)

326 3092 418 3158 alicui
448 3093 680 3162 tranferendum
694 3098 733 3177 η)
761 3099 958 3165 tradiderint.
992 3103 1112 3165 textum
1140 3117 1216 3165 uero
1244 3098 1312 3165 eius
1333 3097 1425 3165 aliter
1452 3098 1605 3179 ahterque
1632 3096 1836 3162 narrauerint.
1864 3095 1909 3161 sic
1931 3094 2050 3160 lactum
2076 3093 2120 3158 eli

325 3217 362 3276 ut
383 3231 402 3278 a
423 3214 575 3280 manichei
593 3216 738 3298 discipulo
753 3219 878 3284 nomine
894 3218 1044 3295 senciot)
1065 3219 1119 3301 qui
1136 3219 1278 3296 etiam²¹)
1295 3217 1500 3302 apostolorum
1518 3217 1602 3300 gesta
1618 3216 1691 3282 salso
1709 3215 1846 3282 sermone
1862 3211 2048 3295 conscripsit.
2070 3212 2119 3279 hic

325 3331 405 3398 liber
426 3334 532 3400 editus.
560 3354 622 3402 non
655 3335 844 3405 edificationi
869 3338 920 3404 sed
952 3337 1151 3405 destructioni
1183 3338 1346 3406 materiem
1380 3335 1574 3404 exhibuerit!
1609 3342 1641 3403 et
1669 3338 1752 3418 quod
1779 3335 1851 3401 tulis
1871 3333 2060 3417 probaretur
2086 3333 2117 3397 in

270 3465 307 3519 er.
326 3450 438 3519 sinodo.
464 3453 468 3539 )
492 3455 541 3521 cui
563 3456 674 3524 merito
695 3458 787 3525 aures
803 3457 927 3542 ecclesie
948 3477 1011 3524 non
1033 3463 1186 3540 paterent.
1220 3457 1318 3526 Cesset
1335 3459 1399 3525 iam
1421 3475 1503 3525 nunc
1524 3456 1749 3523 oblatrincium
1769 3454 1893 3520 morsus.
1930 3453 2003 3519 Non
2026 3453 2114 3519 illum

328 3629 579 3639 --———--

427 3764 457 3829 9)
476 3751 509 3834 (1-1
529 3769 614 3820 «lodex.
717 3768 763 3830 10)
781 3786 830 3822 ena
847 3771 1050 3839 mperecriptum.
1154 3768 1198 3837 11)
1215 3778 1309 3824 terram
1328 3773 1385 3822 anri
1403 3771 1534 3822 consciam
1547 3769 1642 3837 poetice
1658 3769 1798 3830 dictunm’.
1815 3784 1836 3818 e.
1854 3775 1949 3817 ιενναπι
1966 3782 2063 3816 aurun
2080 3765 2116 3815 irr-

325 3851 421 3901 cluenm
438 3860 461 3902 et
477 3854 505 3904 ira
521 3871 547 3905 ae
564 3856 717 3908 reconditum
733 3865 862 3908 marina.
976 3858 1018 3922 11)
1044 3858 1079 3909 ln
1096 3857 1260 3923 exprimenda
1281 3857 1329 3909 lene
1344 3857 1473 3923 porticale
1490 3857 1611 3908 librariae
1628 3855 1745 3907 matam
1762 3863 1845 3906 adnm
1863 3849 1885 3917 [ς
1911 3851 2033 3904 adbibere
2049 3853 2117 3909 told,

325 3953 377 4003 qao
394 3955 445 3989 uon
461 3949 526 3990 reate
542 3941 647 4010 intelliqi
659 3951 739 4008 poteri
756 3951 841 3994 utram
860 3939 898 3995 set
919 3962 954 3995 aa
977 3943 1024 3996 aed
1040 3943 1104 3994 velit.
1122 3944 1195 3994 aemel
1217 3951 1315 3994 scrotum
1331 3943 1433 3994 undum
1449 3943 1553 4009 iraeqrie
1567 3943 1646 3993 liseria
1664 3942 1761 4007 εονίρεί)
1778 3940 1825 3992 aed
1840 3938 1895 3993 llr.
1912 3939 1989 3990 merl:
2018 3955 2072 4005 quc
2088 3952 2118 3987 re

325 4026 435 4076 commoti
450 4025 516 4077 lrcao
525 4029 640 4094 semiana
657 4037 680 4080 et
696 4047 742 4080 rroa
759 4030 785 4080 irr
802 4031 1006 4082 tramrcriberedn
1023 4039 1082 4082 oola
1099 4029 1286 4095 usurpavimus.
1375 4028 1417 4094 13)
1436 4026 1590 4095 suspendere
1607 4029 1651 4079 boc
1668 4029 1719 4079 loco
1736 4027 1857 4094 aipaficnt
1873 4026 1976 4078 metulla
1992 4025 2117 4082 medere.

325 4119 415 4176 aperta
425 4114 525 4178 facere,
542 4114 697 4177 lorarbeiterr,
714 4117 857 4184 dlorzlepm,
875 4134 907 4168 aa
930 4119 997 4184 Tcpe
1008 4117 1128 4184 fordrrn.
1243 4115 1284 4178 lt)
1303 4110 1413 4182 cespites
1431 4118 1554 4182 rupinare
1576 4123 1611 4166 cet
1634 4115 1737 4180 capiaco
1758 4113 1890 4174 collocare,
1915 4111 1952 4161 ira
1974 4118 2072 4160 ueram
2089 4116 2116 4158 ut

323 4207 410 4262 parter
427 4215 524 4262 curam,
546 4217 611 4268 quior
628 4203 656 4253 irc
672 4210 743 4253 terra
758 4205 868 4269 morat
884 4204 1026 4255 reconditae
1048 4211 1070 4253 et
1092 4201 1213 4261 deleam,
1240 4208 1345 4267 opertae
1356 4202 1442 4268 floron·
1468 4209 1496 4250 ut
1521 4201 1645 4268 Veryilr'ue
1665 4202 1694 4252 irc
1715 4201 1839 4268 Georqicie
1856 4195 1885 4256 1,
1901 4191 1951 4249 161
1977 4197 2117 4262 supinam

325 4284 440 4349 aquiloni
451 4283 584 4339 ostendere
598 4288 698 4354 glebae.
711 4289 912 4356 praefervidam
929 4289 1027 4340 culam
1045 4305 1096 4338 eree
1112 4296 1225 4339 aearum
1243 4283 1395 4353 supinandia
1412 4287 1436 4338 εἰ
1452 4304 1529 4354 prom
1545 4289 1639 4355 reliqui
1649 4289 1742 4340 codices
1756 4287 1880 4353 praedem
1896 4282 1996 4336 lectioni
2014 4278 2117 4348 suspen·

325 4369 429 4422 deudiar
447 4387 499 4437 quta
515 4372 581 4424 idem
597 4374 699 4424 amdam
715 4391 766 4425 urio
783 4375 858 4442 quari
874 4375 965 4440 spiritu
982 4375 1098 4424 iterum.
1175 4374 1219 4436 15)
1239 4373 1343 4440 Reliqui
1358 4373 1451 4424 reduce
1468 4370 1622 4440 specialiter,
1640 4393 1701 4443 quor
1718 4391 1800 4426 caroea
1817 4379 1900 4424 uuam
1916 4366 2117 4438 epleudidieer'nr

324 4456 406 4506 vineit
423 4465 530 4509 ceterum
546 4459 616 4509 illiue
632 4460 741 4511 aliorum
758 4460 852 4512 error-ia
868 4461 980 4512 emacim
997 4476 1041 4510 reu
1058 4459 1180 4511 librariae
1197 4459 1251 4526 ipae
1267 4477 1312 4510 reu
1329 4468 1450 4511 corrector
1468 4460 1571 4527 quidam
1593 4463 1659 4512 iuter
1676 4461 1747 4512 ambo
1763 4461 1839 4511 verba
1857 4455 1901 4525 spe
1917 4465 1941 4508 el
1958 4457 2052 4518 alitur,
2072 4459 2118 4509 etei

324 4559 374 4592 riou
391 4543 514 4594 comirraia
530 4544 609 4596 lilerio
625 4547 718 4612 empta
735 4555 801 4610 uem,
818 4547 916 4614 myram
933 4546 1105 4611 domarent
1122 4546 1254 4597 uerborum
1271 4546 1346 4613 qiuari
1362 4546 1503 4597 moriturae
1516 4547 1610 4610 poarrit.
1713 4542 1757 4610 16)
1789 4545 1862 4596 Verbi
1884 4542 1953 4597 easet
1969 4543 2049 4609 prior
2065 4562 2078 4596 a
2100 4564 2117 4595 α

324 4637 459 4679 correctore
476 4629 612 4696 odacriptc.
732 4629 775 4696 11)
799 4628 879 4697 nsque
897 4633 964 4684 adeo
981 4633 1030 4682 cion
1047 4633 1207 4685 retineamur
1224 4633 1310 4684 leuba.-
1338 4649 1390 4683 our
1406 4631 1435 4681 ia
1451 4632 1532 4682 aoweit
1547 4633 1597 4698 pub
1615 4651 1643 4684 er
1660 4650 1686 4684 ee
1703 4633 1809 4693 taam,
1835 4632 1852 4681 i.
1869 4647 1890 4682 e.
1908 4630 2002 4681 librum
2019 4647 2072 4682 nore
2090 4631 2117 4680 ira

320 4713 449 4779 publicum
466 4715 555 4776 edidit,
576 4734 628 4767 riori
645 4717 780 4784 miravit,
801 4718 845 4768 aed
860 4727 950 4783 pauore
966 4726 1064 4768 lautum
1080 4717 1217 4786 daturique
1234 4719 1423 4787 reliqioriarimie
1439 4719 1519 4782 dedit,
1545 4738 1563 4770 o
1580 4719 1669 4787 quibus
1685 4719 1789 4784 porteris
1806 4717 1926 4784 religiorir
1943 4717 2057 4768 tradem
2073 4726 2116 4768 eal.

331 4799 509 4867 Tlrcbeudorfii
525 4802 601 4854 rodere
617 4820 690 4869 prtem
707 4803 821 4869 requitur
837 4804 910 4854 babet
927 4800 1008 4870 nsque
1025 4805 1091 4856 adeo
1110 4820 1162 4855 nou
1179 4805 1268 4869 edidit,
1286 4822 1334 4872 quo
1347 4805 1491 4872 particulae
1509 4806 1546 4857 oia
1563 4805 1705 4857 irredimus
1723 4804 1760 4854 orl
1778 4803 1971 4870 confirmationis
1989 4804 2116 4869 injicitur:

323 4885 372 4935 imo
389 4903 440 4936 uon
457 4888 541 4938 edidit.
664 4886 706 4955 18)
734 4904 874 4955 numquam
892 4890 936 4941 lwe
953 4891 1005 4942 loco
1026 4899 1048 4942 et
1065 4890 1163 4941 duodus
1180 4891 1238 4941 aliia
1255 4893 1374 4957 arripiam
1390 4900 1426 4942 ert
1445 4888 1501 4943 ido.
1519 4890 1590 4954 1Ιυ.,
1616 4893 1674 4943 ilem
1690 4900 1728 4942 ter
1746 4906 1876 4956 uunquam
1896 4887 1951 4943 lta
1973 4889 2031 4944 lssr.
2048 4891 2117 4953 aar..

324 4971 386 5021 alibi
402 4974 543 5039 comperrde'o
560 4975 700 5041 mprurae
717 4992 778 5026 urae
800 4983 836 5026 cet
853 4976 982 5027 librariae.
1089 4975 1130 5040 19)
1149 4977 1341 5028 perferendum
1358 4979 1401 5038 ric,
1419 4985 1442 5028 er
1459 4975 1498 5029 3r.
1516 4979 1689 5039 transerimra,
1707 4977 1750 5028 red
1768 4967 1940 5029 hmsseralnr
1958 4973 2017 5030 19η.

323 5053 368 5121 10)
386 5058 426 5109 De
445 5059 537 5109 bracio
554 5060 677 5112 baeresim
694 5063 741 5128 epit
757 5062 815 5113 Jot.
826 5063 881 5112 Alo.
894 5063 1027 5114 Fabricium
1047 5063 1075 5113 ire
1092 5061 1172 5113 codice
1189 5063 1332 5130 apocrypho
1349 5063 1407 5113 uoci
1423 5071 1475 5114 teu.
1489 5065 1598 5130 poesim:
1615 5065 1678 5116 loroa
1696 5065 1722 5114 irr
1740 5064 1819 5114 iudice
1838 5081 1921 5114 rerum
1943 5072 1965 5111 rt
1982 5064 2115 5114 cerdonem

324 5160 343 5193 a.
361 5162 384 5195 v.
401 5146 513 5198 Leuciue
530 5147 640 5197 inuenies
657 5148 784 5212 alleputoe.
904 5149 949 5212 11)
978 5150 1012 5199 In
1028 5157 1113 5200 terrore
1129 5149 1269 5215 multurae
1286 5151 1376 5218 lepilur
1392 5159 1491 5202 tautum
1509 5155 1551 5218 qui
1571 5153 1647 5202 etiarn
1667 5148 1775 5216 scripsit.
1803 5168 1866 5217 quur
1888 5149 1967 5200 ouriar't
1991 5149 2115 5202 librariae

325 5227 497 5297 apostolorum
516 5230 589 5302 gesta
606 5231 670 5286 salso
690 5231 807 5286 sermone
825 5250 874 5286 con
892 5235 920 5284 irr
937 5235 1051 5302 marpiue
1069 5235 1167 5302 adjecit.
