4792 6300
1047 879 1220 889 -.-....
1237 880 1298 887 .-..-

272 995 365 1061 Hunc
397 996 509 1062 uidens
536 997 642 1062 maria.
673 996 800 1079 expauit
827 1000 861 1060 et
887 996 1082 1062 contremuit.
1128 995 1186 1060 Cui
1214 995 1266 1060 ille
1293 995 1348 1059 ait.
1394 994 1464 1059 Noli
1492 995 1603 1060 timere
1631 994 1750 1060 marias
1772 995 1915 1062 inncnisti
1938 998 2072 1080 gratiam

269 1123 343 1180 ante
377 1115 479 1181 deum.
527 1116 606 1183 Ecce
635 1116 790 1198 concipies
810 1123 841 1182 et
869 1116 975 1199 paries
994 1135 1100 1197 regem
1129 1116 1182 1198 qui
1211 1117 1343 1197 imperet
1371 1134 1432 1180 non
1461 1114 1557 1180 solum
1584 1115 1615 1179 in
1646 1121 1731 1181 terra
1759 1115 1809 1182 sed
1837 1119 1923 1183 etin
1946 1118 2072 1199 cciiset

271 1237 416 1317 regnabit
433 1237 440 1318 Ι
459 1238 490 1302 in
514 1237 616 1302 secula
636 1235 817 1301 seculorum.
2085 1247 2145 1306 lor.

372 1364 511 1455 dunque
544 1373 602 1438 hec
634 1372 825 1455 agerentur!
857 1374 966 1456 ioseph
999 1374 1031 1440 in
1060 1374 1270 1456 capharnaum
1298 1373 1456 1439 maritima
1483 1375 1559 1436 erat.
1590 1368 1621 1434 in
1650 1389 1744 1452 opero
1778 1373 1965 1454 occupatus!
1998 1381 2068 1440 erat
2087 1385 2224 1457 [captu]

270 1501 376 1559 autem
398 1492 487 1559 saber
507 1493 593 1575 ligni.
617 1493 670 1559 ubi
693 1493 833 1560 moratus
848 1493 894 1558 est
913 1493 1075 1558 mensibus
1090 1512 1212 1559 nouem.
1245 1492 1398 1558 Reuersus
1404 1493 1455 1566 ¹³²)
1478 1497 1584 1555 antem
1607 1491 1638 1554 in
1661 1490 1787 1555 domum
1809 1490 1914 1556 suam!
1935 1494 2067 1559 mariam

269 1618 472 1696 pregnantem
495 1615 624 1678 inuenit.
652 1621 684 1679 et
705 1614 792 1679 totus
808 1613 1013 1679 contremuit!
1044 1619 1078 1679 et
1105 1613 1228 1696 positus
1249 1614 1280 1678 in
1309 1611 1450 1693 angustia
1472 1610 1659 1676 exclamauit
1680 1611 1721 1676 ad
1743 1610 1903 1676 dominnm
1926 1618 1959 1677 et
1980 1612 2069 1680 dixit

274 1732 407 1798 Domine
439 1733 564 1798 domine
598 1735 703 1814 accipe
730 1734 870 1815 spiritum
899 1734 1024 1799 meum!
1053 1735 1200 1816 quoniam
1222 1732 1335 1798 melius
1351 1732 1394 1796 est
1415 1731 1490 1796 mihi
1512 1731 1591 1794 mori
1614 1730 1716 1811 magis
1732 1750 1827 1812 quam
1850 1731 1967 1797 uiuere.
2013 1733 2070 1798 Cui

273 1854 362 1917 aiunt
383 1851 598 1936 uirginesque
621 1862 712 1918 erant
739 1872 808 1920 cnm
831 1856 940 1921 maria
985 1853 1066 1932 Quid
1095 1853 1163 1935 agis
1184 1852 1309 1918 domine
1336 1851 1470 1932 ioseph?
1513 1848 1585 1914 Nos
1608 1857 1696 1916 certe
1713 1851 1763 1932 ¹³⁸)
1786 1850 1897 1916 scimus
1914 1852 1997 1934 quod
2020 1853 2070 1918 uir

269 1991 440 2054 numquam
456 1973 508 2053 ¹⁸⁰)
531 1974 636 2055 tetigit
658 1992 737 2038 eam.
761 1974 834 2054 quia
855 1973 971 2039 mentis
987 1972 1152 2054 integritas
1175 1978 1207 2038 et
1234 1971 1398 2054 uirginitas
1420 1973 1452 2037 in
1481 1989 1519 2035 ea
1545 1971 1779 2051 perseuerantes
1793 1972 1844 2052 ¹⁴⁰)
1871 1972 2070 2054 immaculate

270 2093 420 2158 custodite
443 2093 578 2158 suntab
601 2113 647 2158 ea.
693 2093 822 2176 Semper
844 2094 927 2157 enim
955 2093 986 2157 in
1014 2093 1149 2160 domino.
1176 2092 1295 2173 semper
1324 2094 1354 2156 in
1383 2093 1523 2156 oratione
1545 2091 1728 2171 permansit.
1772 2091 1907 2156 cottidie
1940 2093 2070 2174 angelus

268 2213 318 2278 dei
346 2213 485 2294 loquitur
512 2233 582 2279 cum
610 2232 656 2278 ea.
687 2214 814 2279 cottidie
841 2213 940 2279 escam
962 2214 1001 2278 de
1022 2231 1117 2278 manu
1140 2213 1268 2290 eius¹⁴¹)
1293 2213 1415 2292 accipit
1438 2219 1470 2276 et
1492 2211 1647 2292 quomodo
1668 2209 1768 2292 potest
1789 2208 1858 2275 fieri
1881 2216 1917 2275 ut
1934 2211 1941 2295 Ι
1959 2231 2069 2293 pecca·
2088 2226 2143 2281 171.

267 2341 334 2398 tum
358 2333 402 2399 sit
423 2333 550 2414 aliquod
571 2334 602 2398 in
625 2334 684 2397 ea?
727 2332 807 2398 Nam
830 2332 858 2398 si
881 2332 1078 2413 suspicionem
1101 2331 1236 2398 nostram
1259 2332 1315 2396 tibi
1340 2331 1389 2397 uis
1411 2336 1445 2395 ut
1474 2330 1666 2412 pandamus!
1699 2330 1786 2395 istam
1814 2332 1978 2412 grauidam
2006 2352 2069 2399 non

266 2452 342 2519 fecit
364 2453 424 2518 nisu
447 2453 577 2534 angelus
600 2453 659 2518 dei.
705 2453 818 2534 ioseph
841 2459 947 2518 autem
969 2453 1014 2517 ait
1037 2452 1087 2518 eis.
1132 2452 1214 2530 Quid
1235 2471 1285 2517 me
1313 2451 1472 2517 seducitis!
1500 2457 1534 2515 ut
1563 2450 1687 2515 credam
1717 2450 1807 2514 nobis
1828 2451 1912 2532 quod
1939 2453 2070 2534 angelus

267 2573 319 2638 dei
342 2593 412 2638 cam
435 2575 667 2654 impregnaret?
709 2573 814 2638 Potest
836 2571 921 2637 fieris
944 2579 979 2638 ut
1001 2574 1177 2655 quicunque
1200 2591 1234 2638 se
1252 2573 1304 2648 ¹⁴²)
1332 2570 1457 2636 finxerit
1486 2570 1631 2651 angelum
1659 2576 1691 2635 et
1718 2570 1875 2652 deciperet
1904 2590 1982 2636 eam.
2028 2571 2070 2637 Et

265 2694 324 2759 hec
357 2693 479 2760 dicens!
505 2691 602 2758 flebat
630 2697 662 2757 et
685 2692 819 2759 dicebat.
864 2692 932 2770 Qua
960 2691 1062 2759 fronte
1089 2693 1130 2758 ad
1151 2692 1302 2773 tempium
1326 2691 1378 2756 dei
1400 2690 1502 2755 iturus
1519 2689 1603 2755 sums
1625 2695 1657 2755 et
1679 2709 1742 2772 qua
1763 2688 1842 2757 facie
1865 2691 1987 2757 uisurus
2005 2692 2069 2757 sunr

269 2813 443 2879 sacerdotes
460 2813 596 2878 domini?
642 2810 722 2888 Quid
744 2810 885 2877 facturus
901 2812 987 2878 sum?
1030 2813 1073 2878 Et
1100 2813 1157 2878 hec
1184 2811 1303 2878 dicens!
1329 2810 1488 2893 cogitabat
1515 2811 1670 2876 occultare
1700 2811 1728 2876 sa
1751 2817 1785 2876 et
1806 2811 1964 2878 dimittere
1986 2831 2065 2878 eam.

266 2935 408 3016 Cumque
431 2934 591 2999 ordinaret
612 2939 648 2997 ut
669 2941 758 2998 nocte
781 2939 946 3014 exurgeret
968 2940 1000 2998 et
1020 2932 1144 3016 fugiens
1161 2931 1282 2997 abiret!
1303 2950 1375 2997 ecce
1398 2931 1462 3012 ipsa
1476 2936 1567 2996 nocte
1589 2933 1714 3011 aparuit
1736 2933 1765 2997 ei
1787 2932 1820 2995 in
1841 2931 1954 2997 somnis
1970 2951 2064 3014 ange-
2085 2941 2223 3013 {capit}

266 3054 315 3117 ins
338 3053 455 3118 domni
484 3053 595 3118 dicens.
639 3052 754 3134 ioseph
777 3051 820 3117 fili
844 3053 949 3120 dauid.
972 3054 1036 3118 noli
1058 3054 1169 3118 timere
1191 3053 1334 3134 accipere
1356 3052 1487 3116 mariam
1510 3051 1672 3132 coniugem
1695 3051 1803 3117 tuam!
1821 3049 1826 3135 Ι
1846 3052 1994 3134 quoniam
2011 3053 2064 3136 ¹⁴³)
2082 3063 2141 3119 ttv.

265 3173 349 3254 quod
371 3175 403 3238 in
427 3180 515 3238 utero
537 3173 606 3239 eius
622 3173 666 3236 cst
697 3173 736 3237 de
759 3172 867 3253 spiritu
890 3173 993 3239 sancto
1016 3172 1068 3239 est.
1113 3173 1220 3238 Pariet
1252 3179 1356 3237 autem
1393 3170 1491 3235 filium
1519 3171 1572 3252 qni
1601 3177 1732 3236 uocatur
1759 3172 1841 3237 iesus.
1886 3172 1953 3254 ipsc
1981 3174 2064 3240 enim

266 3293 385 3358 saluum
413 3290 507 3357 faciet
534 3294 682 3375 populum
712 3293 797 3357 suum
825 3311 844 3356 a
870 3292 1008 3374 peccatis
1024 3312 1141 3359 eorum.
1186 3291 1351 3374 Exurgens
1367 3298 1470 3356 autem
1494 3291 1596 3372 ioseph
1619 3311 1637 3356 a
1660 3291 1762 3356 somno
1785 3292 1904 3374 gratias
1920 3293 1984 3374 egit
2006 3293 2064 3359 deo

267 3413 341 3478 suo!
364 3422 396 3477 et
418 3413 542 3477 locutus
558 3413 602 3478 eit
624 3415 722 3492 marie
745 3418 778 3478 et
799 3412 974 3494 uirginibus
990 3432 1052 3494 quq
1075 3431 1145 3479 cum
1169 3431 1207 3478 ea
1229 3421 1327 3478 erant.
1351 3418 1384 3478 et
1405 3412 1547 3478 narrauit
1562 3412 1614 3488 ¹⁴⁸)
1638 3410 1755 3476 uisum!
1776 3418 1809 3477 et
1830 3411 2000 3478 consolatus
2023 3411 2067 3478 est

266 3535 357 3615 super
379 3533 509 3599 mariam
532 3533 642 3598 dicens.
688 3533 820 3598 Peccani
842 3533 988 3614 quoniam
1013 3533 1212 3615 suspicionem
1232 3534 1329 3599 habui
1351 3535 1489 3615 aliquam
1511 3532 1543 3597 in
1565 3537 1608 3596 te.
1626 3532 1679 3609 ¹⁴⁵)

278 3693 293 3697 ..
304 3692 338 3698 .—
351 3689 520 3698 .-„.--.--.-.

265 3792 315 3843 dae
330 3792 432 3859 qrra'derr
448 3793 476 3842 ire
492 3808 522 3843 re
538 3809 594 3844 cren
610 3801 695 3842 rostro
712 3792 777 3842 tidro
793 3792 902 3859 quodam
919 3792 992 3844 ruodo
1008 3793 1123 3861 congrait
1139 3801 1228 3845 credor
1246 3792 1404 3844 Paaeionadir
1421 3788 1563 3859 (lultq.
1586 3793 1609 3842 ir
1628 3791 1706 3857 gebat
1723 3787 1751 3843 si
1768 3805 1820 3841 ron
1837 3790 1933 3842 herren
1952 3790 1992 3842 lar
2010 3789 2064 3842 und

264 3879 367 3929 arbeita
383 3881 431 3930 mit
447 3878 494 3929 dor
512 3879 595 3940 hant).
613 3878 658 3928 red
668 3877 726 3943 jam
743 3887 853 3945 quatuor
864 3880 925 3946 sere
943 3878 1032 3929 nemetis
1050 3888 1109 3931 aare
1126 3880 1193 3931 karra
1207 3878 1323 3944 Otsridae
1340 3879 1476 3930 monachae
1490 3878 1671 3945 presbyterque
1688 3876 1928 3944 Weamtwpenao
1939 3875 1968 3928 r'n
1979 3877 2063 3944 apten-

263 3964 324 4016 aido
341 3963 385 4016 {tto
402 3964 462 4016 titre·
479 3964 665 4032 euaaqelr‘oram
678 3965 759 4030 pn'ma'
775 3968 856 4030 eapite
873 3965 961 4032 quinto
977 3973 1091 4016 noctram
1108 3965 1139 4018 de
1157 3981 1207 4032 quo
1224 3966 1321 4032 apim
1339 3967 1419 4016 haam
1436 3965 1546 4033 rerpeaee't
1563 3963 1602 4015 laia
1618 3963 1701 4015 verbio

721 4053 803 4119 giang
821 4068 849 4103 er
867 4054 895 4102 in
912 4052 968 4104 thia
985 4053 1099 4118 paliure,
1169 4052 1231 4102 saud
1249 4049 1291 4104 sia
1308 4053 1432 4104 drdndnta

782 4140 828 4190 mit
845 4134 942 4189 [alteru
960 4139 987 4188 in
1005 4137 1086 4202 beuti,
1166 4139 1229 4190 then
1247 4135 1312 4206 sang
1329 4135 1353 4190 si
1371 4155 1421 4190 uua
1439 4141 1466 4190 iu
1483 4139 1546 4202 auti,

720 4224 825 4275 rethom
844 4224 946 4275 dnucho
1016 4225 1088 4275 work
1105 4224 1242 4287 vicinante,

781 4311 886 4361 diarero
904 4326 997 4376 garno,
1068 4311 1129 4363 thaz
1148 4313 1215 4364 dada
1233 4307 1277 4362 sin
1295 4315 1319 4363 io
1338 4324 1429 4378 gerno.

336 4388 398 4449 tttt
425 4392 499 4442 Verdr'
515 4391 645 4448 Reuersus
663 4395 752 4446 turrae
770 4392 802 4447 us
816 4396 848 4446 ab
865 4396 919 4463 ipro
936 4396 1044 4448 librario
1060 4398 1253 4465 superscriptae.
1357 4393 1419 4448 138)
1436 4401 1508 4446 certa
1526 4394 1722 4462 mperrorr'ptum
1739 4411 1757 4444 a
1774 4399 1911 4444 comedere
1927 4393 2065 4445 atridetur

264 4476 376 4542 ejudem
394 4479 492 4530 aetatu
597 4479 658 4544 1³9)
676 4497 818 4549 numquam
835 4482 877 4533 ric.
896 4482 952 4533 uide
969 4483 1053 4533 adnot.
1068 4480 1109 4535 18.
1201 4479 1262 4547 140)
1288 4482 1363 4533 Verbi
1380 4478 1568 4548 perseuerantia
1586 4481 1675 4533 literae
1693 4495 1726 4532 nc
1746 4498 1763 4531 a
1780 4478 1887 4531 lide-ario
1903 4479 1958 4546 r'pro
1975 4495 2063 4545 raper-

261 4563 378 4630 m'ptae·
498 4564 560 4620 141)
578 4564 635 4619 eius
649 4567 677 4617 ire
694 4585 790 4618 raeura
807 4575 842 4618 eat
859 4576 883 4619 et
899 4569 928 4619 irc
938 4568 994 4634 fine
1010 4585 1107 4623 aereae.
1133 4586 1220 4621 aereae
1242 4569 1287 4636 qai
1307 4569 1419 4636 requitur
1440 4567 1488 4632 (eat
1505 4569 1608 4618 ultimae
1623 4569 1747 4636 popinae)
1773 4566 1875 4621 eatam
1892 4565 2006 4631 primam
2028 4574 2064 4617 ert

263 4652 370 4716 accipit,
387 4650 431 4701 red
448 4660 507 4702 arcte
524 4652 569 4704 hoc
585 4670 641 4704 urea
657 4655 697 4704 oel
713 4654 781 4705 duae
798 4655 887 4706 literae
903 4673 956 4705 reon
972 4672 1062 4705 eram
1079 4656 1180 4723 paridem
1197 4656 1242 4707 red
1259 4655 1310 4706 alio
1327 4655 1437 4722 quodam
1454 4654 1525 4706 rodo
1536 4654 1632 4707 deletae
1644 4657 1767 4707 uidentur.
1784 4659 1846 4721 pato
1853 4652 1930 4718 pre'rrr
1942 4660 2063 4718 amptum
2131 4712 2136 4719 Ι

261 4737 341 4802 ficiam
358 4738 462 4804 angeli,
480 4739 507 4789 id
526 4740 593 4807 quod
610 4756 668 4790 vere
688 4741 850 4801 parisiaca,
868 4759 942 4808 quem
958 4742 1072 4808 requitur
1095 4743 1178 4805 Taso,
1195 4742 1240 4793 hoe
1257 4742 1308 4792 loco
1326 4741 1431 4791 reddet.
1537 4739 1597 4802 141)
1615 4759 1644 4794 aa
1661 4742 1874 4809 superscriptum,
1891 4755 1909 4787 ⁰
1926 4745 2062 4788 metim

263 4831 293 4872 at
311 4822 418 4874 ridetur.
509 4824 567 4884 143)
587 4829 639 4891 qno
657 4824 743 4877 codex.
761 4828 881 4892 quando?
899 4845 922 4878 u.
941 4827 1027 4878 adnm.
1045 4824 1105 4880 203.
1197 4827 1260 4885 144)
1285 4827 1359 4878 Verbi
1375 4829 1493 4878 narrauit
1509 4827 1585 4877 litera
1603 4828 1705 4894 rprr‘or
1722 4845 1739 4877 a
1756 4823 1863 4877 librario
1880 4823 2061 4889 superscripta

375 4908 436 4974 145)
460 4910 531 4973 Quae
549 4912 593 4961 hoo
610 4912 690 4976 capite
707 4920 852 4962 manantur
871 4913 986 4978 proxime
1004 4913 1125 4965 accedant
1148 4912 1183 4964 ad
1203 4929 1235 4964 ea
1256 4929 1322 4980 quae
1335 4921 1432 4979 proteo.
1451 4913 1507 4963 Jac.
1526 4913 1599 4963 habet
1615 4913 1680 4966 eit
1697 4921 1720 4964 et
1738 4911 1786 4974 14,
1810 4927 1841 4961 ea
1859 4917 1957 4961 wretum
1973 4909 2061 4960 diacri-

261 4997 329 5047 mirre
345 4996 490 5062 ammodo
508 4997 576 5061 qaod
592 4997 620 5047 ire
638 5005 722 5047 rrootro
739 4998 803 5048 tuero
820 4998 929 5065 rdrpiraee
947 5001 1075 5066 loqaemm
1092 5007 1116 5049 et
1126 4999 1239 5050 Mariam
1256 5006 1404 5050 eaecruaneer
1421 4997 1586 5060 traducantur,
1604 4999 1631 5049 ira
1648 4999 1692 5049 isto
1703 4999 1832 5066 cirpireum
1849 4996 1940 5047 mentio
1955 5012 2062 5060 worm

260 5066 313 5134 11οο
324 5082 365 5148 ft.
402 5082 487 5132 Secreti
503 5092 562 5132 runt
580 5083 672 5133 libram
689 5084 720 5134 de
737 5085 851 5151 insontia
868 5093 982 5136 nostrum
1007 5086 1159 5137 tremuere
1174 5084 1231 5148 184,
1247 5085 1279 5139 19
1292 5104 1355 5152 rqq.,
1375 5084 1526 5135 moeream
1540 5083 1581 5145 11,
1596 5082 1629 5136 40
1643 5103 1712 5153 epp,
1732 5085 1870 5148 Philippus
1886 5079 1953 5135 1108
1966 5099 2018 5148 rqq.
2038 5088 2062 5132 et

270 5168 412 5219 Wattdenu
421 5168 465 5231 54,
476 5168 509 5221 54
520 5188 573 5237 eqq.
610 5170 766 5220 Hrodroitlra
783 5171 894 5222 dolorem
910 5172 1014 5239 Jorephr'
1030 5181 1053 5224 et
1070 5173 1186 5223 rosarium
1203 5181 1277 5222 noda
1294 5180 1420 5236 acceptum
1435 5170 1639 5236 praetermittere
1657 5189 1682 5222 re
1699 5171 1761 5222 velle
1778 5169 1851 5229 dicit,
1870 5168 1939 5235 quod
1956 5184 2060 5235 euange-

259 5255 315 5306 tteir
332 5254 393 5306 haee
409 5256 481 5306 tibris
498 5256 708 5306 drmonctrerrtur.
726 5256 841 5308 breuibus
856 5258 937 5310 verbio
954 5276 1008 5309 rem
1018 5266 1113 5309 narrat
1130 5257 1193 5308 tiber
1209 5257 1241 5309 de
1252 5257 1330 5309 adiu.
1342 5255 1473 5309 Moriere.
1487 5254 1527 5317 10,
1540 5258 1734 5326 quemaeqrtr‘trtr
1746 5255 1895 5309 Pmtoaate
1909 5249 2061 5318 11100199,

261 5350 283 5391 rt
302 5341 407 5393 tiaeorta
424 5341 529 5410 Jorepta'
545 5342 650 5393 arabica
668 5342 715 5395 aa
728 5338 780 5395 αθ
797 5342 888 5407 (tato
900 5361 922 5410 p
943 5343 975 5397 13
985 5356 1020 5407 eq,
1046 5343 1156 5412 maetas.
1171 5361 1200 5410 p.
1210 5341 1283 5407 118).
